@article{Selvakumar2023,
   author = {G. Selvakumar and L. S. Jayashree and S. Arumugam},
   doi = {10.32604/CSSE.2023.032509},
   issn = {02676192},
   issue = {1},
   journal = {Computer Systems Science and Engineering},
   keywords = {Microservices,cloud computing,latency optimization,load balancing,netflix},
   pages = {1215-1231},
   publisher = {Tech Science Press},
   title = {Latency Minimization Using an Adaptive Load Balancing Technique in Microservices Applications},
   volume = {46},
   year = {2023},
}

@article{Correia2018,
   author = {Jaime Correia and Fabio Ribeiro and Ricardo Filipe and Filipe Araujo and Jorge Cardoso},
   doi = {10.1109/NCA.2018.8548062},
   isbn = {9781538676592},
   journal = {NCA 2018 - 2018 IEEE 17th International Symposium on Network Computing and Applications},
   keywords = {Availability,Microservices,Modeling,Observability,Performance,Tracing},
   month = {11},
   publisher = {Institute of Electrical and Electronics Engineers Inc.},
   title = {Response time characterization of microservice-based systems},
   year = {2018},
}

@article{Taibi2017,
   author = {Davide Taibi and Valentina Lenarduzzi and Claus Pahl},
   doi = {10.1109/MCC.2017.4250931},
   issn = {23256095},
   issue = {5},
   journal = {IEEE Cloud Computing},
   keywords = {Docker,cloud computing,cloud containers,cloud migration,cloud native,microservices,service oriented architectures SOA},
   month = {9},
   pages = {22-32},
   publisher = {Institute of Electrical and Electronics Engineers Inc.},
   title = {Processes, Motivations, and Issues for Migrating to Microservices Architectures: An Empirical Investigation},
   volume = {4},
   year = {2017},
}

@article{Li2020,
   author = {Bo Li and Jingtao Shang and Mingming Dong and Yongle He},
   doi = {10.1109/ITNEC48623.2020.9085082},
   isbn = {9781728143903},
   journal = {Proceedings of 2020 IEEE 4th Information Technology, Networking, Electronic and Automation Control Conference, ITNEC 2020},
   keywords = {Nginx,load balancing,server cluster},
   month = {6},
   pages = {2622-2625},
   publisher = {Institute of Electrical and Electronics Engineers Inc.},
   title = {Research and Application of Server Cluster Load Balancing Technology},
   year = {2020},
}

@article{Poulter2015,
   author = {Andrew John Poulter and Steven J. Johnston and Simon J. Cox},
   doi = {10.1109/WF-IOT.2015.7389066},
   isbn = {9781509003655},
   journal = {IEEE World Forum on Internet of Things, WF-IoT 2015 - Proceedings},
   keywords = {Angular.js,Express.js,Internet of Things,IoT,MEAN,MongoDb,Node.js,REST,web programming},
   pages = {280-285},
   publisher = {Institute of Electrical and Electronics Engineers Inc.},
   title = {Using the MEAN stack to implement a RESTful service for an Internet of Things application},
   year = {2015},
}

@article{Boicea2012,
   author = {Alexandru Boicea and Florin Radulescu and Laura Ioana Agapin},
   doi = {10.1109/EIDWT.2012.32},
   isbn = {9780769547343},
   journal = {Proceedings - 3rd International Conference on Emerging Intelligent Data and Web Technologies, EIDWT 2012},
   keywords = {database,document oriented,function,instruction,nosql},
   pages = {330-335},
   title = {MongoDB vs Oracle - Database comparison},
   year = {2012},
}

@article{Wang2014,
   author = {Shicai Wang and Ioannis Pandis and Chao Wu and Sijin He and David Johnson and Ibrahim Emam and Florian Guitton and Yike Guo},
   doi = {10.1186/1471-2164-15-S8-S3},
   issn = {14712164},
   journal = {BMC Genomics},
   pmid = {25435347},
   publisher = {BioMed Central Ltd.},
   title = {High dimensional biological data retrieval optimization with NoSQL technology},
   volume = {15},
   year = {2014},
}

@article{Ray2020,
   author = {Partha Pratim Ray and Dinesh Dash and Nour Moustafa},
   doi = {10.1002/ETT.4109},
   issn = {21613915},
   issue = {11},
   journal = {Transactions on Emerging Telecommunications Technologies},
   month = {11},
   publisher = {Wiley Blackwell},
   title = {Streaming service provisioning in IoT-based healthcare: An integrated edge-cloud perspective},
   volume = {31},
   year = {2020},
}

@article{Burkat2021,
   doi = {10.1109/ESCIENCE51609.2021.00014},
   isbn = {9781665403610},
   journal = {Proceedings - IEEE 17th International Conference on eScience, eScience 2021},
   keywords = {Containers,Evaluation,Infrastructure,Scientific workflows,Serverless},
   month = {9},
   pages = {40-49},
   publisher = {Institute of Electrical and Electronics Engineers Inc.},
   title = {Serverless containers - Rising viable approach to scientific workflows},
   year = {2021},
}

@article{Huang2015,
   author = {Chenhao Huang and Michael Cahill and Alan Fekete and Uwe RÃ¶hm},
   doi = {10.1007/978-3-030-11404-6_10/COVER},
   isbn = {9783030114039},
   issn = {16113349},
   journal = {Lecture Notes in Computer Science (including subseries Lecture Notes in Artificial Intelligence and Lecture Notes in Bioinformatics)},
   keywords = {Consistency benchmarking,Document Storage as a Service (DSaaS),NoSQL},
   month = {8},
   pages = {126-139},
   publisher = {Springer Verlag},
   title = {Data consistency properties of document store as a service (DSaaS): Using MongoDB Atlas as an example},
   volume = {11135 LNCS},
   url = {https://link.springer.com/chapter/10.1007/978-3-030-11404-6_10},
   year = {2015},
}